<record><leader>00000cas a2200000 a 4500</leader><controlfield tag="001">7341817</controlfield><controlfield tag="008">810416c19749999iduwr ne      0   a0eng d</controlfield><datafield ind1=" " ind2=" " tag="010"><subfield code="a">sn 81000974 </subfield></datafield><datafield ind1=" " ind2=" " tag="040"><subfield code="a">NSD</subfield><subfield code="b">eng</subfield><subfield code="c">NSD</subfield><subfield code="d">NVB</subfield><subfield code="d">OCL</subfield><subfield code="d">OCLCQ</subfield><subfield code="d">OCLCF</subfield><subfield code="d">OCLCO</subfield></datafield><datafield ind1=" " ind2=" " tag="012"><subfield code="m">d</subfield></datafield><datafield ind1="1" ind2=" " tag="022"><subfield code="a">0279-8964</subfield><subfield code="l">0279-8964</subfield><subfield code="2">1</subfield></datafield><datafield ind1="1" ind2=" " tag="029"><subfield code="a">AU@</subfield><subfield code="b">000025819203</subfield></datafield><datafield ind1=" " ind2=" " tag="032"><subfield code="a">586510</subfield><subfield code="b">USPS</subfield></datafield><datafield ind1=" " ind2=" " tag="037"><subfield code="b">Idaho Mountain Express, Ketchum, ID 83340</subfield></datafield><datafield ind1=" " ind2=" " tag="042"><subfield code="a">nsdp</subfield></datafield><datafield ind1=" " ind2="0" tag="222"><subfield code="a">Idaho mountain express</subfield></datafield><datafield ind1="0" ind2="4" tag="245"><subfield code="a">The Idaho mountain express.</subfield></datafield><datafield ind1="1" ind2="7" tag="246"><subfield code="a">Mountain express</subfield></datafield><datafield ind1="1" ind2="7" tag="246"><subfield code="a">Express</subfield></datafield><datafield ind1=" " ind2=" " tag="260"><subfield code="a">Ketchum, Idaho :</subfield><subfield code="b">Express Pub. Co. Inc.</subfield></datafield><datafield ind1=" " ind2=" " tag="300"><subfield code="a">v.</subfield></datafield><datafield ind1=" " ind2=" " tag="310"><subfield code="a">Weekly</subfield></datafield><datafield ind1="0" ind2=" " tag="362"><subfield code="a">Nov. 27, 1974-</subfield></datafield><datafield ind1=" " ind2="0" tag="651"><subfield code="a">Ketchum (Idaho)</subfield><subfield code="v">Newspapers.</subfield></datafield><datafield ind1=" " ind2="0" tag="651"><subfield code="a">Sun Valley (Idaho)</subfield><subfield code="v">Newspapers.</subfield></datafield><datafield ind1=" " ind2="7" tag="655"><subfield code="a">Newspapers.</subfield><subfield code="2">fast</subfield><subfield code="0">(OCoLC)fst01423814</subfield></datafield><datafield ind1=" " ind2="7" tag="651"><subfield code="a">Idaho</subfield><subfield code="z">Ketchum.</subfield><subfield code="2">fast</subfield><subfield code="0">(OCoLC)fst01230433</subfield></datafield><datafield ind1=" " ind2="7" tag="651"><subfield code="a">Idaho</subfield><subfield code="z">Sun Valley.</subfield><subfield code="2">fast</subfield><subfield code="0">(OCoLC)fst01210537</subfield></datafield><datafield ind1=" " ind2=" " tag="752"><subfield code="a">United States</subfield><subfield code="b">Idaho</subfield><subfield code="c">Blaine</subfield><subfield code="d">Ketchum.</subfield></datafield><datafield ind1=" " ind2=" " tag="752"><subfield code="a">United States</subfield><subfield code="b">Idaho</subfield><subfield code="c">Blaine</subfield><subfield code="d">Sun Valley.</subfield></datafield><datafield ind1=" " ind2=" " tag="936"><subfield code="a">Mar. 19, 1981</subfield></datafield></record>